
@article{__2011,
	title = {高速动车组列车牵引仿真计算技术研究},
	volume = {13},
	issn = {1009-1742},
	url = {https://kns.cnki.net/KCMS/detail/detail.aspx?dbcode=CJFD&dbname=CJFD2011&filename=GCKX201101010&v=},
	abstract = {随着我国高速铁路的发展,高速动车组列车牵引仿真计算具有重要意义。对高速动车组的牵引仿真计算的方法进行了研究,分析了与普通列车牵引计算的区别及相关的关键理论。介绍了自主研发的牵引仿真系统的构成和功能。以京沪高速铁路为计算实例,对4种不同的运行方案进行了仿真计算,对线路中的电分相的设置和影响进行了计算分析,并以京沪高速铁路先导试验段的冲高速试验为对象进行了模拟仿真。多次实际应用表明提出的高速动车组牵引仿真计算的方法具有良好的仿真精度和实用意义,可以为我国高速铁路工程建设提供有效的手段,并据此提出了今后的发展方向。},
	language = {zh-CN},
	number = {1},
	journal = {中国工程科学},
	author = {康, 熊},
	year = {2011},
	note = {45 citations(CNKI)[2023-5-14]},
	keywords = {动车组, 仿真计算 high speed, 高速, 牵引, motor train set, simulation, traction},
	pages = {62--68},
	file = {高速动车组列车牵引仿真计算技术研究_康熊.pdf:C\:\\Users\\yuhangmeng\\Zotero\\storage\\3NIIKGCT\\高速动车组列车牵引仿真计算技术研究_康熊.pdf:application/pdf},
}

@article{__2022,
	title = {高速铁路动车组集群运行仿真技术研究},
	volume = {44},
	issn = {1003-1421},
	url = {https://kns.cnki.net/KCMS/detail/detail.aspx?dbcode=CJFD&dbname=CJFDLAST2022&filename=TDYS202210020&v=},
	doi = {10.16668/j.cnki.issn.1003-1421.2022.10.20},
	abstract = {针对我国高速铁路发展运营水平需求与运输组织管理手段不足之间的矛盾，提出一种基于多线程同步事件驱动耦合机制的高速铁路动车组集群运行仿真模型。以铁路局集团公司真实LKJ数据作为仿真基础，映射曲线坡度限速等线路信息并抽象化，将动车组牵引计算作为研究对象，对单列列车运行进行建模。结合CTC系统及CTCS-2/3级列控系统机制，应用并实现多列列车追踪场景仿真，通过深度耦合关系构建与路网相匹配的车站拓朴图与运营区间，进而基于时刻表与列控模型实例化车次信息，实现动车组集群运行仿真平台搭建。最后以真实路网实际线路设备数据为基础进行验证，实验结果表明，平台可实现列车集群运行仿真，并可为评估列车运行状态、运行图调整评价与既有线改造评估提供支撑手段。},
	language = {zh-CN},
	number = {10},
	journal = {铁道运输与经济},
	author = {李, 和壁 and 梁, 家健 and 张, 守帅 and 白, 鑫 and 姜, 昕良},
	year = {2022},
	note = {{\textless}北大核心{\textgreater}},
	keywords = {多线程并发, 仿真技术 High Speed Railway, 高速铁路, 列车运行仿真, 列车运行控制, Multi-Threaded Concurrency, Simulation Technology, Train Operation Control, Train Operation Simulation},
	pages = {135--143},
	file = {高速铁路动车组集群运行仿真技术研究_李和壁.pdf:C\:\\Users\\yuhangmeng\\Zotero\\storage\\TT4BIFDW\\高速铁路动车组集群运行仿真技术研究_李和壁.pdf:application/pdf},
}

@phdthesis{__2020,
	type = {硕士},
	title = {基于人工蜂群算法的城轨列车运行节能优化研究},
	url = {https://kns.cnki.net/KCMS/detail/detail.aspx?dbcode=CMFD&dbname=CMFD202101&filename=1020122284.nh&v=},
	abstract = {城市轨道交通有着更优于公路交通的便民性。近年来城市轨道交通发展势头十足,致力于轨道交通建设和发展的城市数量也逐步增加,运营总里程和客运量也屡创新高,但是快速发展的背后也带来着不容忽视的巨大能源消耗和高额成本。在践行可持续发展政策的背景下,不仅需要继续提高输送乘客的能力,做好城市轨道交通的节能减排工作更是迫在眉睫,要为城市轨道交通的可持续发展给出一份满意的答卷。牵引能耗占据了列车能耗的绝大部分,通过采取降低牵引能耗的措施可以有效达到列车节能优化的目的。论文主要研究列车推荐速度曲线的优化问题,同时兼顾以节能为主要目标的多目标优化和停站时间内快速规划下一站间运行曲线的要求。并结合研究现状,将人工蜂群算法的两种优化算法分别应用于城轨列车的优化进行比较分析。主要工作如下:首先,分析不同运行状态下列车水平方向的受力情况,建立列车动力学模型,对比列车单质点和多质点物理模型的情况下列车作用力的误差。分别建立四个目标模型:能耗模型、舒适度模型、停车距离模型和停车时间模型。将多个目标函数通过权重系数法转化为单目标函数,考虑以安全性为前提的情况下,在多次实验仿真的基础上决定各个权重系数的取值。同时,为了提高计算速度,采取“化零为整”的原则,以线路限速和坡度将站间总里程划分为若干个区段进行求解,针对划分的不同区段使用不同的速度码策略达到城轨列车运行节能优化的目的。其次,分别对基本人工蜂群算法的原理、步骤和优缺点进行分析,考虑到运用到实际工程中易出现早熟和陷入局部最优的问题,采取适应度评价和搜索方式两方面进行改进。改进后的算法收敛速度和寻优效果较原算法都有一定的性能提升。采用亦庄线的数据进行仿真得出该算法应用于列车运行曲线优化时,各个指标都有所提升。最后,综合人工蜂群和模拟退火两种算法提出嵌套的模拟退火-蜂群算法(Simulated Annealing-Artificial Bee Colony algorithm,SA-ABC),内部为模拟退火算法,外部为人工蜂群算法。该算法结合了两种算法的优点,通过Sphere、Rastrigin、Griewank和Schaffer四个测试函数的仿真验证得出嵌套算法不仅具有可行性,且性能更优。运用亦庄线中经海路至次渠南站间数据仿真后进行对比,能耗、舒适度、停车距离和停车时间四个指标都有不同程度的优化效果,证明了运用于列车曲线优化问题时SA-ABC算法更具有优势。},
	language = {zh-CN},
	school = {兰州交通大学},
	author = {李, 瑶},
	collaborator = {刘, 晓娟 and 缑, 美亮},
	year = {2020},
	note = {6 citations(CNKI)[2023-5-14]},
	keywords = {城市轨道交通, 列车速度曲线, 人工蜂群算法, Artificial Bee Colony Algorithm, SA-ABC, SA-ABC Urban Rail Transit, Train Speed Curve},
	file = {基于人工蜂群算法的城轨列车运行节能优化研究_李瑶.pdf:C\:\\Users\\yuhangmeng\\Zotero\\storage\\EEWMQFUL\\基于人工蜂群算法的城轨列车运行节能优化研究_李瑶.pdf:application/pdf},
}

@article{__2023,
	title = {基于蚁群算法的城市轨道交通列车节能运行优化模型仿真分析},
	volume = {26},
	issn = {1007-869X},
	url = {https://kns.cnki.net/KCMS/detail/detail.aspx?dbcode=CJFD&dbname=CJFDLAST2023&filename=GDJT202302003&v=},
	doi = {10.16037/j.1007-869x.2023.02.003},
	abstract = {对城市轨道交通列车的开行模式、牵引控制特性、驾驶策略优化算法等进行了综合分析，基于蚁群算法建立了优化求解模型匹配的列车最优运行速度曲线，采用OPENTRACK软件对优化结果进行了仿真分析，验证了列车节能运行策略的可行性及算法优化的有效性。},
	language = {zh-CN},
	number = {2},
	journal = {城市轨道交通研究},
	author = {李, 兰鹏},
	year = {2023},
	note = {{\textless}北大核心{\textgreater}},
	keywords = {城市轨道交通, 列车节能运行, 蚁群算法 urban rail transit, ant colony algorithm, train energy-saving operation},
	pages = {11--15},
	file = {基于蚁群算法的城市轨道交通...车节能运行优化模型仿真分析_李兰鹏.pdf:C\:\\Users\\yuhangmeng\\Zotero\\storage\\BY6ZD56V\\基于蚁群算法的城市轨道交通...车节能运行优化模型仿真分析_李兰鹏.pdf:application/pdf},
}
